<?xml version="1.0" encoding="UTF-8"?><collection xmlns="http://www.loc.gov/MARC21/slim"><record><leader>00656nam--2200217-i-4500</leader><controlfield tag="001">000031970</controlfield><controlfield tag="002">20161230</controlfield><controlfield tag="005">20161230201038</controlfield><controlfield tag="008">060222s1000------------r-----000-0-fre-d</controlfield><datafield ind1=" " ind2=" " tag="040"><subfield code="a">IFIN-HH</subfield></datafield><datafield ind1=" " ind2=" " tag="041"><subfield code="a">fre</subfield></datafield><datafield ind1=" " ind2=" " tag="080"><subfield code="a">537(075.8)</subfield></datafield><datafield ind1="1" ind2=" " tag="100"><subfield code="a">Rouault, Marcel</subfield></datafield><datafield ind1="1" ind2="0" tag="245"><subfield code="a">Electricite</subfield><subfield code="b">Avec la collaboration pour les execices de pierre mergault</subfield><subfield code="c">Marcel rouault</subfield></datafield><datafield ind1=" " ind2=" " tag="250"><subfield code="a">Deuxieme Edision Revue Et Corrigee</subfield></datafield><datafield ind1=" " ind2=" " tag="260"><subfield code="a">Paris</subfield><subfield code="b">Masson And C-ie, Editeurs</subfield></datafield><datafield ind1=" " ind2=" " tag="300"><subfield code="a">2 FACICULE</subfield></datafield><datafield ind1=" " ind2=" " tag="490"><subfield code="a">Cours De Ohysique A L'Usage De La Licence</subfield></datafield><datafield ind1="1" ind2=" " tag="787"><subfield code="a">Facicule Ii</subfield><subfield code="d">1965</subfield><subfield code="h">/Pag.Dif.</subfield></datafield><datafield ind1=" " ind2=" " tag="852"><subfield code="a">776174</subfield><subfield code="c">537:538</subfield></datafield><datafield ind1=" " ind2=" " tag="CAT"><subfield code="a">Sys</subfield><subfield code="c">20110628</subfield><subfield code="h">154422</subfield></datafield></record></collection>